@article{ashby1989model,
  title={Model of prostaglandin-regulated cyclic AMP metabolism in intact platelets: examination of time-dependent effects on adenylate cyclase and phosphodiesterase activities.},
  author={Ashby, BARRIE},
  journal={Molecular pharmacology},
  volume={36},
  number={6},
  pages={866--873},
  year={1989},
  publisher={ASPET}
}

@article{thomas2014network,
  title={Network reconstruction of platelet metabolism identifies metabolic signature for aspirin resistance},
  author={Thomas, Alex and Rahmanian, Sorena and Bordbar, Aarash and Palsson, Bernhard {\O} and Jamshidi, Neema},
  journal={Scientific reports},
  volume={4},
  year={2014},
  publisher={Nature Publishing Group}
}

@book{hoffman2005hematology,
  title={Hematology: Basic Principles and Practice},
  author={Hoffman, R.},
  number={v. 1},
  isbn={9780443066283},
  lccn={98043923},
  series={Hematology: Basic Principles and Practice},
  url={https://books.google.com/books?id=2gJvIAAACAAJ},
  year={2005},
  publisher={Churchill Livingstone}
}

@article{brass2003thrombin,
  title={Thrombin and platelet activation},
  author={Brass, Lawrence F},
  journal={CHEST Journal},
  volume={124},
  number={3\_suppl},
  pages={18S--25S},
  year={2003},
  publisher={American College of Chest Physicians}
}

@article{lhermusier2011platelet,
  title={Platelet membrane phospholipid asymmetry: from the characterization of a scramblase activity to the identification of an essential protein mutated in Scott syndrome},
  author={Lhermusier, T and Chap, H and Payrastre, B},
  journal={Journal of Thrombosis and Haemostasis},
  volume={9},
  number={10},
  pages={1883--1891},
  year={2011},
  publisher={Wiley Online Library}
}

@article{rosing1980role,
  title={The role of phospholipids and factor Va in the prothrombinase complex.},
  author={Rosing, Jan and Tans, Guido and Govers-Riemslag, JW and Zwaal, RF and Hemker, H Coenraad},
  journal={Journal of Biological Chemistry},
  volume={255},
  number={1},
  pages={274--283},
  year={1980},
  publisher={ASBMB}
}

@article{halliez2015detection,
  title={Detection of phosphatidyl serine on activated platelets' surface by flow cytometry in whole blood: a simpler test for the diagnosis of Scott syndrome},
  author={Halliez, Maxime and Fouassier, Marc and Robillard, Nelly and Ternisien, Catherine and Sigaud, Marianne and Trossaert, Marc and Bene, Marie-Christine},
  journal={British journal of haematology},
  volume={171},
  number={2},
  pages={290--292},
  year={2015},
  publisher={Wiley Online Library}
}

@article{purvis2008molecular,
  title={A molecular signaling model of platelet phosphoinositide and calcium regulation during homeostasis and P2Y1 activation},
  author={Purvis, Jeremy E and Chatterjee, Manash S and Brass, Lawrence F and Diamond, Scott L},
  journal={Blood},
  volume={112},
  number={10},
  pages={4069--4079},
  year={2008},
  publisher={Am Soc Hematology}
}

@article{kunicki2010genetics,
  title={The genetics of normal platelet reactivity},
  author={Kunicki, Thomas J and Nugent, Diane J},
  journal={Blood},
  volume={116},
  number={15},
  pages={2627--2634},
  year={2010},
  publisher={Am Soc Hematology}
}