@article{ashby1989model,
  title={Model of prostaglandin-regulated cyclic AMP metabolism in intact platelets: examination of time-dependent effects on adenylate cyclase and phosphodiesterase activities.},
  author={Ashby, BARRIE},
  journal={Molecular pharmacology},
  volume={36},
  number={6},
  pages={866--873},
  year={1989},
  publisher={ASPET}
}

@article{thomas2014network,
  title={Network reconstruction of platelet metabolism identifies metabolic signature for aspirin resistance},
  author={Thomas, Alex and Rahmanian, Sorena and Bordbar, Aarash and Palsson, Bernhard {\O} and Jamshidi, Neema},
  journal={Scientific reports},
  volume={4},
  year={2014},
  publisher={Nature Publishing Group}
}